@article{buneman2000VLDB,
  title={UnQL: a query language and algebra for semistructured data based on structural recursion},
  author={Buneman, Peter and Fernandez, Mary and Suciu, Dan},
  journal={The VLDB Journal¡ªThe International Journal on Very Large Data Bases},
  volume={9},
  number={1},
  pages={76--110},
  year={2000},
  publisher={Springer-Verlag New York, Inc.}
}

@inproceedings{hidaka2010bidirectionalizing,
  title={Bidirectionalizing graph transformations},
  author={Hidaka, Soichiro and Hu, Zhenjiang and Inaba, Kazuhiro and Kato, Hiroyuki and Matsuda, Kazutaka and Nakano, Keisuke},
  booktitle={ACM Sigplan Notices},
  volume={45},
  number={9},
  pages={205--216},
  year={2010},
  organization={ACM}
}

@article{hidaka2013ICFP,
  title={Structural recursion for querying ordered graphs},
  author={Hidaka, Soichiro and Asada, Kazuyuki and Hu, Zhenjiang and Kato, Hiroyuki and Nakano, Keisuke},
  journal={ICFP 2013, to appear},
  year={2013}
}

@article{katotowards,
  title={Towards Bidirectional Transformations on Ordered Graphs},
  author={Kato, Soichiro Hidaka Kazuyuki Asada Hiroyuki and Hu, Keisuke Nakano Zhenjiang}
}
